@article{knuth84,
  author = {Knuth, Donald E.},
  title = {Literate Programming},
  year = {1984},
  issue_date = {May 1984},
  publisher = {Oxford University Press, Inc.},
  address = {USA},
  volume = {27},
  number = {2},
  issn = {0010-4620},
  url = {https://doi.org/10.1093/comjnl/27.2.97},
  doi = {10.1093/comjnl/27.2.97},
  journal = {Comput. J.},
  month = may,
  pages = {97–111},
  numpages = {15}
}



@article{dplyr,
	title = {dplyr: A Grammar of Data Manipulation},
	author = {Wickham, Hadley and {François}, Romain and Henry, Lionel and {Müller}, Kirill and Vaughan, Davis},
	year = {2023},
	date = {2023},
	doi = {10.32614/CRAN.package.dplyr},
	url = {https://CRAN.R-project.org/package=dplyr}
}


@inbook{abe2006,
	title = {An Academic Information Retrieval System Based on Multiagent Framework},
	author = {Abe, Toru and Chiba, Yuu and Suoya,  and Li, Baoning and Kinoshita, Tetsuo},
	editor = {Ng, Hwee Tou and Leong, Mun-Kew and Kan, Min-Yen and Ji, Donghong},
	year = {2006},
	date = {2006},
	publisher = {Springer Berlin Heidelberg},
	pages = {497--507},
	volume = {4182},
	url = {http://link.springer.com/10.1007/11880592_38},
	note = {Series Title: Lecture Notes in Computer Science
DOI: 10.1007/11880592{\_}38},
	address = {Berlin, Heidelberg}
}


@book{goodrich2013,
	title = {Data structures and algorithms in Python},
	author = {Goodrich, Michael T. and Tamassia, Roberto and Goldwasser, Michael H.},
	year = {2013},
	date = {2013},
	publisher = {Wiley},
	address = {Hoboken, NJ}
}


@book{segev2021,
	title = {Semantic Network Analysis in Social Sciences},
	author = {Segev, Elad},
	year = {2021},
	month = {10},
	date = {2021-10-13},
	publisher = {Routledge},
	doi = {10.4324/9781003120100},
	url = {http://dx.doi.org/10.4324/9781003120100}
}

@misc{wordtovec,
  author = {Alammar, J.},
  title = {The Illustrated Word2vec},
  howpublished = {\url{https://jalammar.github.io/illustrated-word2vec}},
  note = {Acceso: 18 de octubre, 2023},
  year = {2023}
}

@misc{llmsize,
  author = {Harishdatala},
  title = {Unveiling the Power of Large Language Models (LLMs)},
  howpublished = {\url{https://medium.com/@harishdatalab/unveiling-the-power-of-large-language-models-llms-e235c4eba8a9}},
  note = {Acceso: 23 de octubre, 2023},
  year = {2023}
}


@article{sf,
	title = {{\textbraceleft}Spatial Data Science: With applications in R{\textbraceright}},
	author = {Pebesma, Edzer and Bivand, Roger},
	year = {2023},
	date = {2023},
	doi = {10.1201/9780429459016},
	url = {https://r-spatial.org/book/}
}

@article{krugman1991,
	title = {Increasing Returns and Economic Geography},
	author = {Krugman, Paul},
	year = {1991},
	month = {06},
	date = {1991-06},
	journal = {Journal of Political Economy},
	pages = {483--499},
	volume = {99},
	number = {3},
	doi = {10.1086/261763},
	url = {http://dx.doi.org/10.1086/261763},
	langid = {en}
}

@book{blanchard2021,
	title = {Macroeconomics},
	author = {Blanchard, Olivier},
	year = {2021},
	pages = {425},
	date = {2021},
	publisher = {Pearson},
	edition = {Eighth edition, global edition},
	address = {Harlow, England London New York Boston San Francisco Toronto Sydney Munich},
	langid = {eng}
}

@book{tamames2023,
	title = {La economía},
	author = {Tamames, {Ramón.}},
	year = {2023},
	date = {2023},
	publisher = {Erasmus Ediciones},
	note = {OCLC: 1419856292},
	address = {Madrid},
	langid = {eng}
}
